<record><leader>00000cas a22000007a 4500</leader><controlfield tag="001">12298832</controlfield><controlfield tag="008">850724d18681920mouwr ne      0    0eng d</controlfield><datafield ind1=" " ind2=" " tag="010"><subfield code="a">sn 85033875 </subfield></datafield><datafield ind1=" " ind2=" " tag="040"><subfield code="a">NPU</subfield><subfield code="b">eng</subfield><subfield code="c">NPU</subfield><subfield code="d">NPX</subfield><subfield code="d">MQN</subfield><subfield code="d">NVF</subfield><subfield code="d">OCLCQ</subfield><subfield code="d">OCLCF</subfield><subfield code="d">OCLCO</subfield></datafield><datafield ind1=" " ind2=" " tag="042"><subfield code="a">msc</subfield></datafield><datafield ind1=" " ind2=" " tag="043"><subfield code="a">n-us-mo</subfield></datafield><datafield ind1="0" ind2=" " tag="130"><subfield code="a">Cameron observer (Cameron, Mo. : 1868)</subfield></datafield><datafield ind1="1" ind2="4" tag="245"><subfield code="a">The Cameron observer.</subfield></datafield><datafield ind1="3" ind2="0" tag="246"><subfield code="a">Observer</subfield></datafield><datafield ind1=" " ind2=" " tag="260"><subfield code="a">Cameron, Mo. :</subfield><subfield code="b">J.E. Goldsworthy &amp; Co.</subfield></datafield><datafield ind1=" " ind2=" " tag="300"><subfield code="a">v.</subfield></datafield><datafield ind1=" " ind2=" " tag="310"><subfield code="a">Weekly</subfield></datafield><datafield ind1="1" ind2=" " tag="362"><subfield code="a">Began in 1868; ceased in 1920.</subfield><subfield code="z">Cf. Taft, W.H. Mo. newspapers.</subfield></datafield><datafield ind1=" " ind2=" " tag="580"><subfield code="a">Daily eds.: Daily observer (Cameron, Mo.), 1892-1906; Cameron daily observer, 1906-1920.</subfield></datafield><datafield ind1=" " ind2=" " tag="588"><subfield code="a">Description based on: Vol. 5, no. 38 (Mar. 14, 1873).</subfield></datafield><datafield ind1=" " ind2="0" tag="651"><subfield code="a">Cameron (Mo.)</subfield><subfield code="v">Newspapers.</subfield></datafield><datafield ind1=" " ind2="7" tag="655"><subfield code="a">Newspapers.</subfield><subfield code="2">fast</subfield><subfield code="0">(OCoLC)fst01423814</subfield></datafield><datafield ind1=" " ind2="7" tag="651"><subfield code="a">Missouri</subfield><subfield code="z">Cameron.</subfield><subfield code="2">fast</subfield><subfield code="0">(OCoLC)fst01228559</subfield></datafield><datafield ind1=" " ind2=" " tag="752"><subfield code="a">United States</subfield><subfield code="b">Missouri</subfield><subfield code="c">Clinton</subfield><subfield code="d">Cameron.</subfield></datafield><datafield ind1="1" ind2=" " tag="775"><subfield code="t">Daily observer (Cameron, Mo.)</subfield><subfield code="w">(DLC)sn 89066556</subfield></datafield><datafield ind1="1" ind2=" " tag="775"><subfield code="t">Cameron daily observer</subfield><subfield code="w">(DLC)sn 89066557</subfield></datafield><datafield ind1="0" ind2="0" tag="780"><subfield code="t">Chronotype (Cameron, Mo.)</subfield></datafield><datafield ind1="0" ind2="7" tag="785"><subfield code="t">Cameron sun (Cameron, Mo. : 1914)</subfield><subfield code="w">(DLC)sn 93060174</subfield></datafield><datafield ind1="0" ind2="7" tag="785"><subfield code="t">Cameron sun and the weekly observer</subfield><subfield code="w">(DLC)sn 89066562</subfield></datafield></record>